@article{hs1986,
author = {T. P. Hettmansperger and S. J. Sheather},
title = {Confidence intervals based on interpolated order statistics},
journal = {Statistics and Probability Letters},
volume = {4},
number = {2},
pages = {75-79},
year = {1986},
issn = {0167-7152},
URL = { https://doi.org/10.1016/0167-7152(86)90021-0 },
}

@article{ms1984,
author = { J. W.   McKean  and  R. M.   Schrader },
title = {A comparison of methods for studentizing the sample median},
journal = {Communications in Statistics - Simulation and Computation},
volume = {13},
number = {6},
pages = {751-773},
year  = {1984},
publisher = {Taylor & Francis},
URL = { https://doi.org/10.1080/03610918408812413 },
}
